@book{seiter2017business, 
  author    = {Seiter, Mischa}, 
  title     = {Business analytics}, 
  subtitle  = {Effektive Nutzung fortschrittlicher Algorithmen in der Unternehmenssteuerung}, 
  edition   = {1}, 
  usera     = {VPN}, 
  publisher = {Vahlen}, 
  location  = {München}, 
  date      = {2017}, 
}

@article{gluchowski2016business, 
  author   = {Gluchowski, Peter}, 
  journal  = {HMD Praxis der Wirtschaftsinformatik}, 
  usera    = {Business Analytics}, 
  number   = {3}, 
  pages    = {273-286}, 
  title    = {Business Analytics: Grundlagen, Methoden und Einsatzpotenziale}, 
  volume   = {53}, 
  date     = {2016}, 
  doi      = {10.1365/s40702-015-0206-5}, 
}

@collection{becker2016,
  usera    = {TestCollection},
  editor   = {Becker, Wolfgang and Ulrich, Patrick},
  title    = {Data Analytics im Mittelstand},
  date     = {2016},
  booktitle = {Data Analytics im Mittelstand}, 
  edition   = {1}, 
  location  = {Wiesbaden}, 
  publisher = {Springer},
}

@incollection{becker2016data, 
  author    = {Becker, Wolfgang and Ulrich, Patrick and Botzkowski, Tim},  
  usera     = {Data Analytics},  
  title     = {Management und Controlling im Mittelstand},
  pages     = {73-93},
  crossref  = {becker2016},
}

@report{nucleus2014analyticspays, 
  usera    = {Analytics}, 
  urldate  = {2018-02-14}, 
  title    = {Analytics Pays Back \$13.01 For Every Dollar Spent}, 
  type     = {Report}, 
  number   = {O204}, 
  url      = {https://nucleusresearch.com/research/single/analytics-pays-back-13-01-for-every-dollar-spent/}, 
  date     = {2014-09}, 
}

@online{elk, 
  usera   = {Elche},
  author  = {Anne Elk}, 
  title   = {On the Theory of Brontosauruses}, 
  url     = {http://example.edu/~elk/bronto.pdf}, 
  urldate = {2019-01-27}, 
  date    = {2017-10},
}

@online{miktex,
	usera	=	{MiKTeX},
	urldate	=	{2019-01-30},
	date	=	{2019-01-04},
	url		=	{https://miktex.org/download},
	title	=	{Getting MiKTeX},
	author	=	{Christian Schenk},
}

@online{texmaker,
	usera	=	{TexMaker},
	urldate	=	{2019-01-30},
	date	=	{2019-01-04},
	url		=	{http://www.xm1math.net/texmaker/},
	title	=	{TexMaker Installation},
}

@online{leitfaden,
	usera	=	{Leitfaden},
	urldate	=	{2019-01-30},
	date	=	{2018-02},
	url		=	{https://campus.bildungscentrum.de/nfcampus/dc/3667/LeitfadenZurFormalenGestaltungSeminarAbschlussarbeiten_BCW_Stud_2018_02_21.pdf},
	title	=	{Leitfaden Zur Formalen Gestaltung Seminar Abschlussarbeiten},
	author	=	"{Hochschule für Oekonomie und Management}",
}

@book{bsp, 
  author    = {Fomker, Fom}, 
  title     = {Fom Bilderbuch}, 
  edition   = {1}, 
  usera     = {Logo}, 
  publisher = {FOMVerlag}, 
  location  = {Essen}, 
  date      = {2017}, 
}

@online{biblatex,
	usera	=	{Biblatex},
	author	=	{Philipp Lehman},
	urldate	=	{2019-01-30},
	date	=	{2017-10-20},
	url		=	{https://mirror.hmc.edu/ctan/info/translations/biblatex/de/biblatex-de-Benutzerhandbuch.pdf},
	title	=	{Das biblatex Paket},
	subtitle=   {Das Benutzerhandbuch}
}

